<?xml version="1.0" encoding="UTF-8"?><collection xmlns="http://www.loc.gov/MARC21/slim"><record><leader>00534nam--2200169-i-4500</leader><controlfield tag="001">000017804</controlfield><controlfield tag="002">20161230</controlfield><controlfield tag="005">20161230201032</controlfield><controlfield tag="008">060222s1000------------r-----000-0-eng-d</controlfield><datafield ind1=" " ind2=" " tag="040"><subfield code="a">IFIN-HH</subfield></datafield><datafield ind1=" " ind2=" " tag="080"><subfield code="a">539.149.43(047)</subfield></datafield><datafield ind1="1" ind2=" " tag="100"><subfield code="a">Miller, Irvin Alexander</subfield></datafield><datafield ind1="1" ind2="0" tag="245"><subfield code="a">Epr of ru3+ in yttrium gallium garnet and yttrium aluminum garnet</subfield><subfield code="b">Dissertation</subfield><subfield code="c">Irvin alexander miller</subfield></datafield><datafield ind1=" " ind2=" " tag="260"><subfield code="a">An Arbor, Michigan</subfield><subfield code="b">University Microfilms, Inc</subfield><subfield code="c">1968</subfield></datafield><datafield ind1=" " ind2=" " tag="300"><subfield code="a">56P.+PLANSE</subfield></datafield><datafield ind1=" " ind2=" " tag="852"><subfield code="a">32412</subfield><subfield code="c">539.143.43</subfield></datafield><datafield ind1=" " ind2=" " tag="CAT"><subfield code="a">Sys</subfield><subfield code="c">20120504</subfield><subfield code="h">122927</subfield></datafield></record></collection>